@article{baquero2016logical,
  title={Why logical clocks are easy},
  author={Baquero, Carlos and Pregui{\c{c}}a, Nuno},
  journal={Communications of the ACM},
  volume={59},
  number={4},
  pages={43--47},
  year={2016},
  publisher={ACM New York, NY, USA}
}

@inproceedings{du2014gentlerain,
  title={Gentlerain: Cheap and scalable causal consistency with physical clocks},
  author={Du, Jiaqing and Iorgulescu, C{\u{a}}lin and Roy, Amitabha and Zwaenepoel, Willy},
  booktitle={Proceedings of the ACM Symposium on Cloud Computing},
  pages={1--13},
  year={2014}
}

@inproceedings{lloyd2011don,
  title={Don't settle for eventual: Scalable causal consistency for wide-area storage with COPS},
  author={Lloyd, Wyatt and Freedman, Michael J and Kaminsky, Michael and Andersen, David G},
  booktitle={Proceedings of the Twenty-Third ACM Symposium on Operating Systems Principles},
  pages={401--416},
  year={2011}
}

@inproceedings{van2020intrinsic,
  title={The intrinsic cost of causal consistency},
  author={van der Linde, Albert and Fouto, Pedro and Leit{\~a}o, Jo{\~a}o and Pregui{\c{c}}a, Nuno},
  booktitle={Proceedings of the 7th Workshop on Principles and Practice of Consistency for Distributed Data},
  pages={1--6},
  year={2020}
}

@inproceedings{roohitavaf2017causalspartan,
  title={CausalSpartan: Causal Consistency for Distributed Data Stores Using Hybrid Logical Clocks.},
  author={Roohitavaf, Mohammad and Demirbas, Murat and Kulkarni, Sandeep S},
  booktitle={SRDS},
  pages={184--193},
  year={2017}
}
